<?xml version="1.0" encoding="UTF-8"?><collection xmlns="http://www.loc.gov/MARC21/slim"><record><leader>00495nam--2200193-i-4500</leader><controlfield tag="001">000008920</controlfield><controlfield tag="002">20161230</controlfield><controlfield tag="003">927</controlfield><controlfield tag="005">20170209230922</controlfield><controlfield tag="008">060222s1000------------r-----000-0-eng-d</controlfield><datafield ind1=" " ind2=" " tag="040"><subfield code="a">IFIN-HH</subfield></datafield><datafield ind1=" " ind2=" " tag="041"><subfield code="a">eng</subfield></datafield><datafield ind1=" " ind2=" " tag="080"><subfield code="a">519</subfield></datafield><datafield ind1="1" ind2=" " tag="100"><subfield code="a">Bharucha-Reid, A. T</subfield></datafield><datafield ind1="1" ind2="0" tag="245"><subfield code="a">Pobabilistic Methods in Applied Mathematics</subfield><subfield code="c">A.T.Bharucha-Reid (Ed.)</subfield></datafield><datafield ind1=" " ind2=" " tag="260"><subfield code="a">New York</subfield><subfield code="b">Academic Press</subfield><subfield code="c">1968</subfield></datafield><datafield ind1=" " ind2=" " tag="650"><subfield code="a">Applied Mathematics</subfield></datafield><datafield ind1=" " ind2=" " tag="852"><subfield code="a">927</subfield><subfield code="c">51</subfield></datafield><datafield ind1=" " ind2=" " tag="CAT"><subfield code="a">SYS</subfield><subfield code="c">20170209</subfield><subfield code="h">230922</subfield></datafield></record></collection>